<record><leader>00000cas a2200000 a 4500</leader><controlfield tag="001">53206955</controlfield><controlfield tag="008">031015d20002013nyuwr ne      0    0eng c</controlfield><datafield ind1=" " ind2=" " tag="010"><subfield code="a">  2003245007</subfield></datafield><datafield ind1=" " ind2=" " tag="040"><subfield code="a">NYG</subfield><subfield code="b">eng</subfield><subfield code="c">NYG</subfield><subfield code="d">OCLCQ</subfield><subfield code="d">NYG</subfield><subfield code="d">OCLCF</subfield><subfield code="d">OCLCO</subfield></datafield><datafield ind1="1" ind2=" " tag="029"><subfield code="a">AU@</subfield><subfield code="b">000025054037</subfield></datafield><datafield ind1=" " ind2=" " tag="032"><subfield code="a">229380</subfield><subfield code="b">USPS</subfield></datafield><datafield ind1=" " ind2=" " tag="042"><subfield code="a">pcc</subfield></datafield><datafield ind1=" " ind2=" " tag="043"><subfield code="a">n-us-ny</subfield></datafield><datafield ind1="0" ind2=" " tag="130"><subfield code="a">Greenwich journal and Salem press (Greenwich, N.Y. : 2000)</subfield></datafield><datafield ind1="1" ind2="4" tag="245"><subfield code="a">The Greenwich journal and Salem press.</subfield></datafield><datafield ind1=" " ind2=" " tag="260"><subfield code="a">Greenwich, N.Y. :</subfield><subfield code="b">Tefft Publishers,</subfield><subfield code="c">2000-2013.</subfield></datafield><datafield ind1=" " ind2=" " tag="300"><subfield code="a">v. :</subfield><subfield code="b">ill. ;</subfield><subfield code="c">58 cm.</subfield></datafield><datafield ind1=" " ind2=" " tag="310"><subfield code="a">Weekly</subfield></datafield><datafield ind1="0" ind2=" " tag="362"><subfield code="a">Vol. 159, no. 2 (Oct. 19, 2000)-v. 172, no. 5 (Nov. 7, 2013).</subfield></datafield><datafield ind1=" " ind2=" " tag="500"><subfield code="a">Publisher: Sally B. Tefft.</subfield></datafield><datafield ind1=" " ind2=" " tag="500"><subfield code="a">"Washington County's hometown newspaper -- established October 13, 1842."</subfield></datafield><datafield ind1=" " ind2=" " tag="588"><subfield code="a">Latest issue consulted: Vol. 172, no. 5 (Nov. 7, 2013).</subfield></datafield><datafield ind1=" " ind2="0" tag="651"><subfield code="a">Greenwich (N.Y.)</subfield><subfield code="v">Newspapers.</subfield></datafield><datafield ind1=" " ind2="0" tag="651"><subfield code="a">Washington County (N.Y.)</subfield><subfield code="v">Newspapers.</subfield></datafield><datafield ind1=" " ind2="7" tag="655"><subfield code="a">Newspapers.</subfield><subfield code="2">fast</subfield><subfield code="0">(OCoLC)fst01423814</subfield></datafield><datafield ind1=" " ind2="7" tag="651"><subfield code="a">New York (State)</subfield><subfield code="z">Greenwich.</subfield><subfield code="2">fast</subfield><subfield code="0">(OCoLC)fst01227843</subfield></datafield><datafield ind1=" " ind2="7" tag="651"><subfield code="a">New York (State)</subfield><subfield code="z">Washington County.</subfield><subfield code="2">fast</subfield><subfield code="0">(OCoLC)fst01220667</subfield></datafield><datafield ind1=" " ind2=" " tag="752"><subfield code="a">United States</subfield><subfield code="b">New York</subfield><subfield code="c">Washington</subfield><subfield code="d">Greenwich.</subfield></datafield><datafield ind1="0" ind2="0" tag="780"><subfield code="t">Journal-press (Greenwich, N.Y.)</subfield><subfield code="w">(DLC)sn 84031461</subfield><subfield code="w">(OCoLC)10923481</subfield></datafield><datafield ind1="0" ind2="0" tag="785"><subfield code="t">Journal-Press (Greenwich, N.Y. : 2013)</subfield><subfield code="w">(DLC)  2013245013</subfield><subfield code="w">(OCoLC)867048337</subfield></datafield></record>